@incollection{aissen99,
	author = "Judith Aissen",
	title = "External possessor and logical subject in Tz'utujil",
	booktitle = "External Possession",
	editor = "Doris Payne and Immanuel Barshi",
	publisher = "John Benjamins Publishing Company",
	year = "1999",
}
